@book{nist811-si-guide,
  author       = {Thompson, Ambler and Taylor, Barry N.},
  title        = {Guide for the Use of the International System of Units (SI)},
  series       = {NIST Special Publication},
  volume       = {811},
  edition      = {2008},
  publisher    = {National Institute of Standards and Technology},
  year         = {2008},
  pages        = {10},
  note         = {Conversion factor 1 mmHg = 133.322 Pa (Table 9)},
  url          = {https://physics.nist.gov/cuu/pdf/sp811.pdf},
}